%! Author = pfischer
%! Date = 8/27/22

@article{https://doi.org/10.48550/arxiv.1408.5786,
    doi = {10.48550/ARXIV.1408.5786},

    url = {https://arxiv.org/abs/1408.5786},

    author = {Qureshi, M. Rizwan Jameel and Sabir, Fatima},

    keywords = {Software Engineering (cs.SE), FOS: Computer and information sciences, FOS: Computer and information sciences},

    title = {A comparison of model view controller and model view presenter},

    publisher = {arXiv},

    year = {2014},

    copyright = {arXiv.org perpetual, non-exclusive license}
}
@ARTICLE{docker,
    author={Anderson, Charles},
    journal={IEEE Software},
    title={Docker [Software engineering]},
    year={2015},
    volume={32},
    number={3},
    pages={102-c3},
    doi={10.1109/MS.2015.62}}
%% Seite 1 + 3
@misc{matrixfaq,
    title = {Frequently Asked Questions},
    howpublished={https://matrix.org/faq/},
    note = {Accessed: 2022-10-01}
}

@misc{matrix,
    title = {An open network for secure, decentralized communication},
    howpublished={https://matrix.org/},
    note = {Accessed: 2022-10-01}
}
@misc{mvc,
    title = {Model-View-Controller-Paradigma},
    howpublished={https://glossar.hs-augsburg.de/Model-View-Controller-Paradigma},
    note = {Accessed: 2022-10-01}
}